<record><leader>00000cas a22000007a 4500</leader><controlfield tag="001">35161330</controlfield><controlfield tag="008">960730d1996199unyuwr ne      0   a0eng c</controlfield><datafield ind1=" " ind2=" " tag="010"><subfield code="a">sn 96003358 </subfield></datafield><datafield ind1=" " ind2=" " tag="040"><subfield code="a">NSD</subfield><subfield code="b">eng</subfield><subfield code="c">NSD</subfield><subfield code="d">OCLCQ</subfield><subfield code="d">YTJ</subfield><subfield code="d">OCLCO</subfield><subfield code="d">OCLCF</subfield><subfield code="d">DLC</subfield><subfield code="d">OCLCA</subfield></datafield><datafield ind1=" " ind2=" " tag="012"><subfield code="j">0</subfield><subfield code="m">d</subfield></datafield><datafield ind1="0" ind2=" " tag="022"><subfield code="a">1089-8816</subfield><subfield code="l">1089-8816</subfield><subfield code="y">8750-5657</subfield><subfield code="2">1</subfield></datafield><datafield ind1=" " ind2=" " tag="037"><subfield code="b">Cooperstown Independent, POB 790, Cooperstown, NY 13326</subfield><subfield code="c">$18.00</subfield></datafield><datafield ind1=" " ind2=" " tag="042"><subfield code="a">nsdp</subfield><subfield code="a">pcc</subfield></datafield><datafield ind1=" " ind2="0" tag="222"><subfield code="a">Cooperstown independent</subfield></datafield><datafield ind1="0" ind2="0" tag="245"><subfield code="a">Cooperstown independent.</subfield></datafield><datafield ind1=" " ind2=" " tag="260"><subfield code="a">Cooperstown, NY :</subfield><subfield code="b">Cooperstown Independent,</subfield><subfield code="c">[1996-</subfield></datafield><datafield ind1=" " ind2=" " tag="300"><subfield code="a">v.</subfield></datafield><datafield ind1=" " ind2=" " tag="310"><subfield code="a">Weekly</subfield></datafield><datafield ind1="0" ind2=" " tag="362"><subfield code="a">July 17, 1996-</subfield></datafield><datafield ind1=" " ind2="0" tag="651"><subfield code="a">Cooperstown (N.Y.)</subfield><subfield code="v">Newspapers.</subfield></datafield><datafield ind1=" " ind2="0" tag="651"><subfield code="a">Otsego County (N.Y.)</subfield><subfield code="v">Newspapers.</subfield></datafield><datafield ind1=" " ind2="7" tag="651"><subfield code="a">New York (State)</subfield><subfield code="z">Cooperstown.</subfield><subfield code="2">fast</subfield><subfield code="0">(OCoLC)fst01219225</subfield></datafield><datafield ind1=" " ind2="7" tag="651"><subfield code="a">New York (State)</subfield><subfield code="z">Otsego County.</subfield><subfield code="2">fast</subfield><subfield code="0">(OCoLC)fst01207820</subfield></datafield><datafield ind1=" " ind2="7" tag="655"><subfield code="a">Newspapers.</subfield><subfield code="2">fast</subfield><subfield code="0">(OCoLC)fst01423814</subfield></datafield><datafield ind1="0" ind2="0" tag="780"><subfield code="t">Freeman's journal (Cooperstown, N.Y. : 1924)</subfield><subfield code="x">8750-5657</subfield><subfield code="w">(DLC)sn 83031249</subfield><subfield code="w">(OCoLC)9941468</subfield></datafield><datafield ind1="0" ind2="0" tag="785"><subfield code="t">Freeman's journal (Cooperstown, N.Y. : 2000)</subfield><subfield code="x">1529-5141</subfield><subfield code="w">(DLC)   00212317</subfield></datafield><datafield ind1="1" ind2=" " tag="029"><subfield code="a">AU@</subfield><subfield code="b">000012745174</subfield></datafield></record>